@phdthesis{vsivickas2011elektronine,
  	title={Elektronin{\.e} prekyba Lietuvoje: problemos ir tendencijos},
  	author={{\v{S}}ivickas, Tomas},
  	year={2011},
 	school={Siauliai University}
	}
@article{pabedinskaite2012vartotojku,
  title={Vartotoj{\k{u}} elgsena elektronin{\.e}je prekyboje},
  author={Pabedinskait{\.e}, Arnoldina and {\v{S}}lia{\v{z}}ait{\.e}, Viktorija},
  journal={Business: Theory and Practice},
  volume={13},
  pages={352},
  year={2012},
  publisher={VGTU Press Technika}
}
@article{klapatauskiene2013elektronines,
  title={Elektronin{\.e}s komercijos populiarumas Lietuvoje},
  author={Klapatauskien{\.e}, Jolanta},
  journal={Profesin{\.e}s studijos: teorija ir praktika},
  number={12},
  pages={97--103},
  year={2013}
}
@phdthesis{jurgelionyte2010elektronines,
  title={Elektronin{\.e}s prekybos pl{\.e}tros modelis},
  author={Jurgelionyt{\.e}, Gintar{\.e}},
  year={2010},
  school={Vilnius Gediminas Technical University}
}
@phdthesis{bernotavivciute2013produktku,
title={Produkt{\k{u}} pardavimo skatinimas elektronin{\.e}je komercijoje:                    Atraskgrozi. lt atvejis},
author={Bernotavi{\v{c}}i{\=u}t{\.e}, Milda},
year={2013},
 school={Vytautas Magnus University}
}
@article{davidavivciene2011elektronines,
  title={Elektronin{\.e}s prekybos interneto svetaini{\k{u}} Lietuvoje vertinimas},
  author={Davidavi{\v{c}}ien{\.e}, Vida and Tolvai{\v{s}}as, Jonas},
  journal={Informacijos mokslai},
  volume={55},
  pages={103--116},
  year={2011}
}
@article{vsvcerbinskaite2018elektronines,
  title={Elektronin{\.e}s komercijos pl{\.e}tra tarptautin{\.e}se rinkose},
  author={{\v{S}}{\v{c}}erbinskait{\.e}, Milda},
  journal={VU EVAF student{\k{u}} mokslin{\.e}s draugijos konferencijos straipsni{\k{u}} rinkinys, 2017},
  pages={79--86},
  year={2018},
  publisher={Vilniaus universiteto leidykla}
}
@phdthesis{dambrauskaite2014elektronines,
  title={Elektronin{\.e}s komercijos strategin{\.e} analiz{\.e} Lietuvoje: vystymosi perspektyvos},
  author={Dambrauskait{\.e}, Kristina},
  year={2014},
  school={Vilnius University}
}
@phdthesis{benesevivciene2014veiksniku,
  title={Veiksni{\k{u}}, lemian{\v{c}}i{\k{u}} elektroninio vartotojo pirkimo proces{\k{a}}, nustatymas},
  author={Benesevi{\v{c}}ien{\.e}, Kristina},
  year={2014},
  school={Vilnius University}
}
